
@misc{DLake01:Online,
	author = {AWS},
	title = {What is a data lake?},
	year = {ne},
	howpublished = {Recuperado de  {https://aws.amazon.com/es/big-data/datalakes-and-analytics/what-is-a-data-lake/}},
	note = {Accedido 20-06-2019}
}

@misc{DLake02:Online,
	author = {PowerData},
	title = {Data lake: definición, conceptos clave y mejores prácticas},
	year = {2015},
	howpublished = {Recuperado de  {https://www.powerdata.es/data-lake}},
	note = {Accedido 19-06-2019}
}

@misc{DWarehouse01:Online,
	author = {Sinnexus},
	title = {Datawarehouse},
	year = {2007},
	howpublished = {Recuperado de  {https://www.sinnexus.com/business\_intelligence/datawarehouse.aspx}},
	note = {Accedido 19-06-2019}
}

@misc{DWarehouse02:Online,
	author = {Corporación ColombiaDigital},
	title = {Qué es un data warehouse y qué beneficios aporta a las organizaciones? },
	year = {Junio 30, 2017},
	howpublished = {Recuperado de  {https://colombiadigital.net/actualidad/articulos-informativos/item/9814-que-es-un-data-warehouse-y-que-beneficios-aporta-a-las-organizaciones.html}},
	note = {Accedido 21-06-2019}
}

@misc{DWarehouse03:Online,
	author = {Shana Pearlman},
	title = {Data lakes frente a almacenes de datos},
	year = {enero 29, 2019},
	howpublished = {Recuperado de  {https://es.talend.com/resources/data-lake-vs-data-warehouse/}},
	note = {Accedido 22-06-2019}
}

@misc{DWarehouseVsDLake01:Online,
	author = {Chris Campbell},
	title = {Top Five Differences between Data Lakes and Data Warehouses},
	year = {Enero 26, 2015},
	howpublished = {Recuperado de  {https://www.blue-granite.com/blog/bid/402596/top-five-differences-between-data-lakes-and-data-warehouses}},
	note = {Accedido 21-06-2019}
}

@misc{DWarehouseVsDLake02:Online,
	author = {Juan Manuel Soto},
	title = {Principales diferencias entre Data Lakes y Data Warehouse},
	year = {Diciembre 20, 2017},
	howpublished = {Recuperado de  {https://trends.inycom.es/principales-diferencias-data-lakes-data-warehouse/\#prettyPhoto}},
	note = {Accedido 21-06-2019}
}

